@settings{label, options="nameyear"}

@book{goodfellow2016deep,
  title={Deep learning},
  author={Goodfellow, Ian and Bengio, Yoshua and Courville, Aaron},
  year={2016},
  publisher={MIT press}
}

@misc{kaggle2019humpback,
  title = {{Humpback Whale Identification}: Can you identify a whale by its tail?},
  author = {Kaggle},
  year = {2019},
  howpublished = {\url{https://www.kaggle.com/c/humpback-whale-identification/overview/description}},
  note = {Accessed: 2019-12-16}
}

@misc{badreddine2019bad,
  title = {{B}ad quality images},
  author = {Malek Badreddine},
  year = {2019},
  howpublished = {\url{https://www.kaggle.com/c/humpback-whale-identification/discussion/73882}},
  note = {Accessed: 2019-12-16}
}

@misc{pillow2019docs,
  title = {Pillow documentation},
  author = {Fredrik Lundh and Contributors},
  year = {2019},
  howpublished = {\url{https://pillow.readthedocs.io/en/stable}},
  note = {Accessed: 2019-12-17}
}

@misc{numpy2019docs,
  title = {{N}um{P}y documentation},
  author = {{N}um{P}y},
  year = {2019},
  howpublished = {\url{https://numpy.org}},
  note = {Accessed: 2019-12-17}
}
